<?xml version="1.0" encoding="UTF-8"?><collection xmlns="http://www.loc.gov/MARC21/slim"><record><leader>00386nam--2200121-i-4500</leader><controlfield tag="001">000009188</controlfield><controlfield tag="002">20161230</controlfield><controlfield tag="005">20161230201028</controlfield><controlfield tag="008">060222s1000------------r-----000-0-eng-d</controlfield><datafield ind1=" " ind2=" " tag="080"><subfield code="a">061.62(047:493):621.039(047:493)</subfield></datafield><datafield ind1=" " ind2=" " tag="245"><subfield code="a">Belgonucleaire. societe belge pour l industrie nucleaire.rapport d activite de l exercice: 1969</subfield></datafield><datafield ind1=" " ind2=" " tag="260"><subfield code="a">Bruxelles, Belgonucleaire, 1969- 20 P</subfield></datafield><datafield ind1=" " ind2=" " tag="852"><subfield code="a">28417</subfield></datafield></record></collection>